<?xml version="1.0" encoding="UTF-8"?><collection xmlns="http://www.loc.gov/MARC21/slim"><record><leader>00960nam--2200193-u-4500</leader><controlfield tag="001">000053445</controlfield><controlfield tag="002">20161230</controlfield><controlfield tag="005">20161230201051</controlfield><controlfield tag="008">110405s1000------------r-----000-0-eng-d</controlfield><datafield ind1=" " ind2=" " tag="020"><subfield code="a">9201085044</subfield></datafield><datafield ind1=" " ind2=" " tag="040"><subfield code="a">IFIN-HH</subfield></datafield><datafield ind1=" " ind2=" " tag="080"><subfield code="a">341.16:621.039(063)</subfield></datafield><datafield ind1="1" ind2=" " tag="110"><subfield code="a">International Atomic Energy Agency</subfield></datafield><datafield ind1="1" ind2="0" tag="245"><subfield code="a">Safety of transport of radioactive material</subfield><subfield code="b">Proceedings of an international conference on the safety of transport of radioactive material organized by international atomic energy agency, co-sponsorized by the international civil aviation organization, intenational maritime organization and univerasAL POSTAL UNION, HELD IN CO-OPERATION WITH INTERNATIONAL AIR TRANSPORT ASSOCIATION AND INTERNATIONAL ORGANIZATION FOR STANDARDIZATION AND HELD IN VIENNA, 7-11 JULY 2003</subfield></datafield><datafield ind1=" " ind2=" " tag="260"><subfield code="a">Vienna</subfield><subfield code="b">International Atomic Energy Agency</subfield><subfield code="c">2004</subfield></datafield><datafield ind1=" " ind2=" " tag="300"><subfield code="a">319P</subfield></datafield><datafield ind1=" " ind2=" " tag="490"><subfield code="a">Proceedings Series</subfield></datafield><datafield ind1=" " ind2=" " tag="852"><subfield code="a">81596</subfield><subfield code="c">614.8</subfield></datafield><datafield ind1=" " ind2=" " tag="CAT"><subfield code="a">Sys</subfield><subfield code="c">20110405</subfield><subfield code="h">121019</subfield></datafield></record></collection>